@article{PAPER01,
  title={Global risk mapping for major diseases transmitted by Aedes aegypti and Aedes albopictus},
  author={Leta, Samson and Beyene, Tariku Jibat and De Clercq, Eva M and Amenu, Kebede and Kraemer, Moritz UG and Revie, Crawford W},
  journal={International Journal of Infectious Diseases},
  volume={67},
  pages={25--35},
  year={2018},
  publisher={Elsevier}
}

@article{PAPER03,
  title={A review of data mining classification techniques applied for diagnosis and prognosis of the arbovirus-dengue},
  author={Fathima, A Shameem and Manimegalai, D and Hundewale, Nisar},
  journal={International Journal of Computer Science Issues (IJCSI)},
  volume={8},
  number={6},
  pages={322},
  year={2011},
  publisher={Citeseer}
}

@article{PAPER04,
  title={Dengue vaccine: WHO position paper--September 2018},
  author={World Health Organization and others},
  journal={Wkly Epidemiol Rec},
  volume={93},
  number={36},
  pages={457--476},
  year={2018}
}

@article{PAPER05,
  title={Caracter{\'\i}sticas gerais e epidemiologia dos arbov{\'\i}rus emergentes no Brasil},
  author={Lopes, Nayara and Nozawa, Carlos and Linhares, Rosa Elisa Carvalho},
  journal={Revista Pan-Amaz{\^o}nica de Sa{\'u}de},
  volume={5},
  number={3},
  pages={10--10},
  year={2014}
}

@article{PAPER07,
  title={Arboviroses emergentes no Brasil: desafios para a cl{\'\i}nica e implica{\c{c}}{\~o}es para a sa{\'u}de p{\'u}blica},
  author={Donalisio, Maria Rita and Freitas, Andr{\'e} Ricardo Ribas and Zuben, Andrea Paula Bruno Von},
  journal={Revista de sa{\'u}de p{\'u}blica},
  volume={51},
  pages={30},
  year={2017},
  publisher={SciELO Public Health}
}

@inproceedings{PAPER08,
  title={Detection of Aedes Aegypti mosquito by digital image processing techniques and support vector machine},
  author={De Los Reyes, Anna Monica M and Reyes, Anna Camille A and Torres, Jumelyn L and Padilla, Dionis A and Villaverde, Jocelyn},
  booktitle={2016 IEEE Region 10 Conference (TENCON)},
  pages={2342--2345},
  year={2016},
  organization={IEEE}
}

@inproceedings{PAPER09,
  title={Mosquito larva classification method based on convolutional neural networks},
  author={Sanchez-Ortiz, A and Fierro-Radilla, A and Arista-Jalife, Antonio and Cedillo-Hernandez, Manuel and Nakano-Miyatake, Mariko and Robles-Camarillo, Daniel and Cuatepotzo-Jim{\'e}nez, V},
  booktitle={2017 International Conference on Electronics, Communications and Computers (CONIELECOMP)},
  pages={1--6},
  year={2017},
  organization={IEEE}
}

@article{PAPER10,
  title={Application of convolutional neural networks for classification of adult mosquitoes in the field},
  author={Motta, Daniel and Santos, Alex {\'A}lisson Bandeira and Winkler, Ingrid and Machado, Bruna Aparecida Souza and Pereira, Daniel Andr{\'e} Dias Imperial and Cavalcanti, Alexandre Morais and Fonseca, Eduardo Oyama Lins and Kirchner, Frank and Badar{\'o}, Roberto},
  journal={PloS one},
  volume={14},
  number={1},
  pages={e0210829},
  year={2019},
  publisher={Public Library of Science San Francisco, CA USA}
}

@inproceedings{PAPER11,
  title={Comparitive Analysis of Machine learning Techniques for classification of Arbovirus},
  author={Fathima, Shameem A and Hundewale, Nisar},
  booktitle={Proceedings of 2012 IEEE-EMBS International Conference on Biomedical and Health Informatics},
  pages={376--379},
  year={2012},
  organization={IEEE}
}

@article{PAPER12,
  title={Exploring support vector machines and random forests for the prognostic study of an arboviral disease},
  author={Fathima, A Shameem and Sheriff, L Abdul Kadhar},
  journal={International Journal of Computer Applications},
  volume={57},
  number={9},
  year={2012},
  publisher={Citeseer}
}

@article{PAPER13,
  title={Predictive analysis for the arbovirus-dengue using svm classification},
  author={Fathima, A and Manimegalai, D},
  journal={International Journal of Engineering and Technology},
  volume={2},
  number={3},
  pages={521--7},
  year={2012},
  publisher={Citeseer}
}